<record><leader>00000cas a2200000 a 4500</leader><controlfield tag="001">17389449</controlfield><controlfield tag="008">880125d190u190uwauwr ne      0    0eng d</controlfield><datafield ind1=" " ind2=" " tag="010"><subfield code="a">sn 88085399 </subfield></datafield><datafield ind1=" " ind2=" " tag="040"><subfield code="a">SLZ</subfield><subfield code="b">eng</subfield><subfield code="c">SLZ</subfield><subfield code="d">OCL</subfield><subfield code="d">OCLCQ</subfield><subfield code="d">UKMGB</subfield><subfield code="d">OCLCQ</subfield><subfield code="d">OCLCF</subfield><subfield code="d">OCLCO</subfield></datafield><datafield ind1="7" ind2=" " tag="016"><subfield code="a">013902546</subfield><subfield code="2">Uk</subfield></datafield><datafield ind1="1" ind2=" " tag="029"><subfield code="a">AU@</subfield><subfield code="b">000025816166</subfield></datafield><datafield ind1=" " ind2=" " tag="042"><subfield code="a">msc</subfield></datafield><datafield ind1=" " ind2=" " tag="043"><subfield code="a">n-us-wa</subfield></datafield><datafield ind1="0" ind2=" " tag="130"><subfield code="a">Saturday record (Walla Walla, Wash.)</subfield></datafield><datafield ind1="1" ind2="4" tag="245"><subfield code="a">The Saturday record.</subfield></datafield><datafield ind1=" " ind2=" " tag="260"><subfield code="a">Walla Walla, Wash. :</subfield><subfield code="b">J.G. Frankland</subfield></datafield><datafield ind1=" " ind2=" " tag="300"><subfield code="a">v.</subfield></datafield><datafield ind1=" " ind2=" " tag="310"><subfield code="a">Weekly</subfield></datafield><datafield ind1=" " ind2=" " tag="588"><subfield code="a">Description based on: Vol. 8, no. 17 (Aug. 24, 1901).</subfield></datafield><datafield ind1=" " ind2="0" tag="651"><subfield code="a">Walla Walla (Wash.)</subfield><subfield code="v">Newspapers.</subfield></datafield><datafield ind1=" " ind2="7" tag="655"><subfield code="a">Newspapers.</subfield><subfield code="2">fast</subfield><subfield code="0">(OCoLC)fst01423814</subfield></datafield><datafield ind1=" " ind2="7" tag="651"><subfield code="a">Washington (State)</subfield><subfield code="z">Walla Walla.</subfield><subfield code="2">fast</subfield><subfield code="0">(OCoLC)fst01208940</subfield></datafield><datafield ind1=" " ind2=" " tag="752"><subfield code="a">United States</subfield><subfield code="b">Washington</subfield><subfield code="c">Walla Walla</subfield><subfield code="d">Walla Walla.</subfield></datafield><datafield ind1="0" ind2="0" tag="780"><subfield code="t">Walla Walla watchman</subfield></datafield><datafield ind1="0" ind2="4" tag="785"><subfield code="t">Evening and Sunday morning bulletin</subfield><subfield code="w">(DLC)sn 88085398</subfield></datafield></record>